<?xml version="1.0" encoding="UTF-8"?>
<record xmlns="http://www.loc.gov/MARC21/slim">
   <leader>01177cam a22002655  4500</leader>
   <controlfield tag="001">2788119</controlfield>
   <controlfield tag="003">NjP</controlfield>
   <controlfield tag="005">20190705144926.0</controlfield>
   <controlfield tag="008">991121s1946    ua            000 0 ara d</controlfield>
   <datafield tag="024" ind1="7" ind2=" ">
      <subfield code="a">princeton_aco003839</subfield>
      <subfield code="2">local</subfield>
   </datafield>
   <datafield ind1=" " ind2=" " tag="040">
      <subfield code="a">PUL</subfield>
      <subfield code="c">PUL</subfield>
      <subfield code="d">PUL</subfield>
   </datafield>
   <datafield ind1=" " ind2=" " tag="035">
      <subfield code="9">CNJ7153TS</subfield>
   </datafield>
   <datafield ind1=" " ind2=" " tag="035">
      <subfield code="a">(NjP)2788119</subfield>
   </datafield>
   <datafield ind1=" " ind2=" " tag="049">
      <subfield code="a">PULL</subfield>
   </datafield>
   <datafield ind1=" " ind2=" " tag="035">
      <subfield code="a">(OCoLC)ocm42865810</subfield>
   </datafield>
   <datafield ind1="0" ind2=" " tag="100">
      <subfield code="6">880-01</subfield>
      <subfield code="a">Muḥammad ibn ʻAbd al-Wahhāb,</subfield>
      <subfield code="d">1703 or 1704-1792</subfield>
      <subfield code="0">http://id.loc.gov/authorities/names/n82221616</subfield>
   </datafield>
   <datafield ind1="0" ind2="0" tag="245">
      <subfield code="6">880-02</subfield>
      <subfield code="a">Kitāb al-tawḥīd alladhī huwa ḥaqq Allāh ʻalā al-ʻabīd.</subfield>
      <subfield code="b">ʻAllaqa ʻalayhi aḥad afāḍil al-ʻulamāʼ; rājaʻahu wa-ṣaḥḥaḥahu Aḥmad Muḥammad Shākir.</subfield>
   </datafield>
   <datafield ind1=" " ind2=" " tag="260">
      <subfield code="6">880-03</subfield>
      <subfield code="a">Cairo,</subfield>
      <subfield code="b">Dār al-Maʻārif</subfield>
      <subfield code="c">[1946]</subfield>
   </datafield>
   <datafield ind1=" " ind2=" " tag="300">
      <subfield code="a">221 p.</subfield>
      <subfield code="c">20 cm.</subfield>
   </datafield>
   <datafield ind1=" " ind2=" " tag="546">
      <subfield code="a">In Arabic.</subfield>
   </datafield>
   <datafield ind1="0" ind2=" " tag="880">
      <subfield code="6">100-01/r</subfield>
      <subfield code="a">محمد بن عبد الوهاب،</subfield>
      <subfield code="d">1703 or 4-1792.</subfield>
   </datafield>
   <datafield ind1="0" ind2="0" tag="880">
      <subfield code="6">245-02/r</subfield>
      <subfield code="a">كتاب التوحيد الذي هو حق الله علا العبيد.</subfield>
      <subfield code="b">علق عليه احد افاضل العلماء؛ راجعه وصححه احمد محمد شاكر.</subfield>
   </datafield>
   <datafield ind1=" " ind2=" " tag="880">
      <subfield code="6">260-03/r</subfield>
      <subfield code="a">Cairo،</subfield>
      <subfield code="b">دار المعارف</subfield>
      <subfield code="c">[1946]</subfield>
   </datafield>
   <datafield ind1=" " ind2=" " tag="911">
      <subfield code="a">20000130</subfield>
   </datafield>
   <datafield ind1=" " ind2=" " tag="994">
      <subfield code="a">C0</subfield>
      <subfield code="b">PUL</subfield>
   </datafield>
   <datafield ind1=" " ind2=" " tag="999">
      <subfield code="a">2788119</subfield>
   </datafield>
   <datafield ind1=" " ind2=" " tag="979">
      <subfield code="a">(OCoLC)ocn178695583</subfield>
   </datafield>
   <datafield ind1="0" ind2="0" tag="852">
      <subfield code="0">3099083</subfield>
      <subfield code="b">rcppa</subfield>
      <subfield code="t">1</subfield>
      <subfield code="h">BP160</subfield>
      <subfield code="i">.M843 1946</subfield>
      <subfield code="x">tr fr nec</subfield>
   </datafield>
   <datafield ind1=" " ind2=" " tag="959">
      <subfield code="a">2003-03-19 17:57:09 -0400</subfield>
   </datafield>
</record>
